<?xml version="1.0" encoding="UTF-8"?><collection xmlns="http://www.loc.gov/MARC21/slim"><record><leader>00460nam--2200121-i-4500</leader><controlfield tag="001">000034850</controlfield><controlfield tag="002">20161230</controlfield><controlfield tag="005">20161230201040</controlfield><controlfield tag="008">060222s1000------------r-----000-0-eng-d</controlfield><datafield ind1=" " ind2=" " tag="080"><subfield code="a">550.34:624(083.133)</subfield></datafield><datafield ind1=" " ind2=" " tag="245"><subfield code="a">Norme si reguli de consstructie in regiunile seismice. din: gosudarstvennoe izdatlstvo literaturi po stroitelstvu, arhitekture i stroitehnim materialam, moscova 1958</subfield></datafield><datafield ind1=" " ind2=" " tag="260"><subfield code="a">Bucuresti, Acad.Republicii Populare Romane, 1958, 107p</subfield></datafield><datafield ind1=" " ind2=" " tag="852"><subfield code="a">47799</subfield></datafield></record></collection>